<record><leader>00000cas a2200000 a 4500</leader><controlfield tag="001">11190159</controlfield><controlfield tag="008">840924d18841885ksuwr ne      0   a0eng d</controlfield><datafield ind1=" " ind2=" " tag="010"><subfield code="a">sn 84029636 </subfield></datafield><datafield ind1=" " ind2=" " tag="040"><subfield code="a">KSH</subfield><subfield code="b">eng</subfield><subfield code="c">KSH</subfield><subfield code="d">NPT</subfield><subfield code="d">MGN</subfield><subfield code="d">OCL</subfield><subfield code="d">OCLCQ</subfield></datafield><datafield ind1=" " ind2=" " tag="042"><subfield code="a">msc</subfield></datafield><datafield ind1="0" ind2="0" tag="245"><subfield code="a">Weekly herald and tribune.</subfield></datafield><datafield ind1="3" ind2="0" tag="246"><subfield code="a">Herald-tribune</subfield></datafield><datafield ind1="3" ind2="0" tag="246"><subfield code="a">Weekly herald-tribune</subfield></datafield><datafield ind1=" " ind2=" " tag="260"><subfield code="a">Lawrence, Kan. :</subfield><subfield code="b">W.F. Chalfant &amp; Co.,</subfield><subfield code="c">-1885.</subfield></datafield><datafield ind1=" " ind2=" " tag="300"><subfield code="a">v. ;</subfield><subfield code="c">52 cm.</subfield></datafield><datafield ind1=" " ind2=" " tag="310"><subfield code="a">Weekly</subfield></datafield><datafield ind1="0" ind2=" " tag="362"><subfield code="a">-v. 2, no. 36 (July 17, 1885).</subfield></datafield><datafield ind1="1" ind2=" " tag="362"><subfield code="a">Began in July 1884.</subfield></datafield><datafield ind1=" " ind2=" " tag="500"><subfield code="a">Published as: Herald tribune, Aug. 22-Sept. 12, 1884; Weekly herald-tribune, Sept. 19, 1884-July 17, 1885.</subfield></datafield><datafield ind1=" " ind2=" " tag="580"><subfield code="a">Daily eds.: Daily herald and tribune, July-Aug. 12, 1884; Daily herald-tribune, Aug. 13, 1884-July 17, 1885.</subfield></datafield><datafield ind1=" " ind2=" " tag="588"><subfield code="a">Description based on: Vol. 1, no. 36 (July 25, 1884).</subfield></datafield><datafield ind1=" " ind2=" " tag="752"><subfield code="a">United States</subfield><subfield code="b">Kansas</subfield><subfield code="c">Douglas</subfield><subfield code="d">Lawrence.</subfield></datafield><datafield ind1="1" ind2=" " tag="775"><subfield code="t">Daily herald and tribune</subfield><subfield code="w">(DLC)sn 84029601</subfield></datafield><datafield ind1="1" ind2=" " tag="775"><subfield code="t">Daily herald-tribune</subfield><subfield code="w">(DLC)sn 86064062</subfield></datafield><datafield ind1="0" ind2="4" tag="780"><subfield code="t">Weekly Kansas herald (Lawrence, Kan.)</subfield><subfield code="w">(DLC)sn 84029631</subfield></datafield><datafield ind1="0" ind2="4" tag="780"><subfield code="t">Kansas tribune (Lawrence, Kan. : 1873)</subfield><subfield code="w">(DLC)sn 84029653</subfield></datafield><datafield ind1="0" ind2="0" tag="785"><subfield code="t">Lawrence tribune</subfield><subfield code="w">(DLC)sn 84029637</subfield></datafield></record>